<?xml version="1.0" encoding="UTF-8"?><record xmlns="http://www.loc.gov/MARC21/slim" xmlns:cinclude="http://apache.org/cocoon/include/1.0" xmlns:zs="http://www.loc.gov/zing/srw/">
  <leader>00611cz  a2200181n  4500</leader>
  <controlfield tag="001">no2009142401</controlfield>
  <controlfield tag="003">DLC</controlfield>
  <controlfield tag="005">20130327083231.0</controlfield>
  <controlfield tag="008">090908n| azannaabn          |a aaa     c</controlfield>
  <datafield tag="010" ind1=" " ind2=" ">
    <subfield code="a">no2009142401</subfield>
  </datafield>
  <datafield tag="035" ind1=" " ind2=" ">
    <subfield code="a">(OCoLC)oca08232957</subfield>
  </datafield>
  <datafield tag="040" ind1=" " ind2=" ">
    <subfield code="a">WU</subfield>
    <subfield code="b">eng</subfield>
    <subfield code="e">rda</subfield>
    <subfield code="c">WU</subfield>
    <subfield code="d">WU</subfield>
    <subfield code="d">DLC</subfield>
  </datafield>
  <datafield tag="046" ind1=" " ind2=" ">
    <subfield code="f">1838</subfield>
  </datafield>
  <datafield tag="100" ind1="1" ind2=" ">
    <subfield code="a">Tahir, K. H. Muhammad,</subfield>
    <subfield code="d">1838-</subfield>
  </datafield>
  <datafield tag="400" ind1="0" ind2=" ">
    <subfield code="a">K. H. Muhammad Tahir,</subfield>
    <subfield code="d">1838-</subfield>
  </datafield>
  <datafield tag="400" ind1="0" ind2=" ">
    <subfield code="a">Lapeo,</subfield>
    <subfield code="c">Imam,</subfield>
    <subfield code="d">1838-</subfield>
  </datafield>
  <datafield tag="400" ind1="1" ind2=" ">
    <subfield code="w">nnea</subfield>
    <subfield code="a">Tahir, K. H. Muhammad,</subfield>
    <subfield code="d">b. 1838</subfield>
  </datafield>
  <datafield tag="670" ind1=" " ind2=" ">
    <subfield code="a">Ajaran Imam Lapeo, 2007:</subfield>
    <subfield code="b">t.p. (K.H. Muhammad Tahir) p. 1 (KH. Muhammad Tahir, b. 1838, Pamboang, Kecamatan Tinambung) p. 1 (Imam Lapeo)</subfield>
  </datafield>
</record>